@article{barham2003xen,
  title={Xen and the art of virtualization},
  author={Barham, Paul and Dragovic, Boris and Fraser, Keir and Hand, Steven and Harris, Tim and Ho, Alex and Neugebauer, Rolf and Pratt, Ian and Warfield, Andrew},
  journal={ACM SIGOPS Operating Systems Review},
  volume={37},
  number={5},
  pages={164--177},
  year={2003},
  publisher={ACM}
}

@inproceedings{blackburn2006dacapo,
  title={The DaCapo benchmarks: Java benchmarking development and analysis},
  author={Blackburn, Stephen M and Garner, Robin and Hoffmann, Chris and Khang, Asjad M and McKinley, Kathryn S and Bentzur, Rotem and Diwan, Amer and Feinberg, Daniel and Frampton, Daniel and Guyer, Samuel Z and others},
  booktitle={ACM Sigplan Notices},
  volume={41},
  number={10},
  pages={169--190},
  year={2006},
  organization={ACM}
}

@article{colmenares2010resource,
  title={Resource management in the Tessellation manycore OS},
  author={Colmenares, Juan A and Bird, Sarah and Cook, Henry and Pearce, Paul and Zhu, David and Shalf, John and Hofmeyr, Steven and Asanovic, Krste and Kubiatowicz, John},
  journal={HotPar10, Berkeley, CA},
  year={2010}
}

@inproceedings{colmenares2013tessellation,
  title={Tessellation: refactoring the OS around explicit resource containers with continuous adaptation},
  author={Colmenares, Juan A and Eads, Gage and Hofmeyr, Steven and Bird, Sarah and Moret{\'o}, Miquel and Chou, David and Gluzman, Brian and Roman, Eric and Bartolini, Davide B and Mor, Nitesh and others},
  booktitle={Proceedings of the 50th Annual Design Automation Conference},
  pages={76},
  year={2013},
  organization={ACM}
}

@article{feitelson1992gang,
  title={Gang scheduling performance benefits for fine-grain synchronization},
  author={Feitelson, Dror G and Rudolph, Larry},
  journal={Journal of Parallel and Distributed Computing},
  volume={16},
  number={4},
  pages={306--318},
  year={1992},
  publisher={Elsevier}
}

@misc{hotspot:memory,
  author = "Sun Microsystems",
  title  = "Memory Management in the Java HotSpot Virtual Machine",
  year   = "2006",
  note   = "\url{http://www.oracle.com/technetwork/java/javase/memorymanagement-whitepaper-150215.pdf}",
}

@misc{hotspot:whitepaper,
  author = "Oracle",
  title   = "The Java HotSpot Performance Engine Architecture",
  year = "2013",
  note   = "\url{http://www.oracle.com/technetwork/java/whitepaper-135217.html}"
}

@book{lindholm2014java,
  title={The Java virtual machine specification},
  author={Lindholm, Tim and Yellin, Frank and Bracha, Gilad and Buckley, Alex},
  year={2014},
  publisher={Pearson Education}
}

@article{lins1996garbage,
  title={Garbage collection: algorithms for automatic dynamic memory management},
  author={Lins, Rafael D},
  year={1996}
}

@inproceedings{liu2009tessellation,
  title={Tessellation: Space-time partitioning in a manycore client OS},
  author={Liu, Rose and Klues, Kevin and Bird, Sarah and Hofmeyr, Steven and Asanovic, Krste and Kubiatowicz, John},
  booktitle={Proceedings of the First USENIX conference on Hot topics in parallelism},
  pages={10--10},
  year={2009},
  organization={USENIX Association}
}

@article{peter2011technical,
  title={Technical Report Nr. 745},
  author={Peter, Simon and Baumann, Andrew and Anderson, Zachary and Roscoe, Timothy},
  year={2011}
}

@inproceedings{suganuma2001dynamic,
  title={A dynamic optimization framework for a Java just-in-time compiler},
  author={Suganuma, Toshio and Yasue, Toshiaki and Kawahito, Motohiro and Komatsu, Hideaki and Nakatani, Toshio},
  booktitle={ACM SIGPLAN Notices},
  volume={36},
  number={11},
  pages={180--195},
  year={2001},
  organization={ACM}
}

@inproceedings{shvachko2010hadoop,
  title={The hadoop distributed file system},
  author={Shvachko, Konstantin and Kuang, Hairong and Radia, Sanjay and Chansler, Robert},
  booktitle={Mass Storage Systems and Technologies (MSST), 2010 IEEE 26th Symposium on},
  pages={1--10},
  year={2010},
  organization={IEEE}
}

@article{bialecki2005hadoop,
  title={Hadoop: a framework for running applications on large clusters built of commodity hardware},
  author={Bialecki, Andrzej and Cafarella, Michael and Cutting, Doug and Oâ€™MALLEY, Owen},
  journal={Wiki at http://lucene. apache. org/hadoop},
  volume={11},
  year={2005}
}

@inproceedings{zaharia2010spark,
  title={Spark: cluster computing with working sets},
  author={Zaharia, Matei and Chowdhury, Mosharaf and Franklin, Michael J and Shenker, Scott and Stoica, Ion},
  booktitle={Proceedings of the 2nd USENIX conference on Hot topics in cloud computing},
  pages={10--10},
  year={2010}
}